<?xml version="1.0" encoding="UTF-8"?><record xmlns="http://www.loc.gov/MARC21/slim" xmlns:cinclude="http://apache.org/cocoon/include/1.0" xmlns:zs="http://www.loc.gov/zing/srw/">
  <leader>00332nz  a2200121n  4500</leader>
  <controlfield tag="001">n  90702536 </controlfield>
  <controlfield tag="003">DLC</controlfield>
  <controlfield tag="005">19901010104902.4</controlfield>
  <controlfield tag="008">901010n| acannaab|          |n ana ||| c</controlfield>
  <datafield tag="010" ind1=" " ind2=" ">
    <subfield code="a">n  90702536 </subfield>
  </datafield>
  <datafield tag="040" ind1=" " ind2=" ">
    <subfield code="a">CU</subfield>
    <subfield code="c">CU</subfield>
  </datafield>
  <datafield tag="110" ind1="2" ind2="0">
    <subfield code="a">DrusĚtvo skladatelja Hrvatske</subfield>
  </datafield>
  <datafield tag="670" ind1=" " ind2=" ">
    <subfield code="a">Zbornik "Fran Lhotka", 1985:</subfield>
    <subfield code="b">t.p. (DrusĚtvo skladatelja Hrvatske)</subfield>
  </datafield>
</record>